@book{iso26262,
  title={ISO 26262: Road Vehicles : Functional Safety},
  author={Organizaci{\'o}n Internacional de Normalizaci{\'o}n},
  url={https://books.google.it/books?id=3gcAjwEACAAJ},
  year={2011},
  publisher={ISO}
}
